
@misc{drug09,
	title = {Protein Structure},
	institution = {Particle Sciences, Drug Development Services},
	note = {\url{http://www.particlesciences.com/news/technical-briefs/2009/protein-structure.html}, visitado em 2016-01-02},
	year = {2009},
	volume = {8}
}

@misc{profangela11,
	title = {Proteínas},
	institution = {Portal de Patologia Clínica},
	note = {\url{http://www.professoraangela.net/documents/proteinas.html}, visitado em 2016-01-02}
}

@misc{dnadiscovery08,
	title = {Discovery of DNA Structure and Function: Watson and Crick},
	institution = {Nature Education},
	year = {2008},
	author = {Leslie A. Pray},
	note = {\url{http://www.nature.com/scitable/topicpage/discovery-of-dna-structure-and-function-watson-397}, visitado em 2016-01-15}
}

@book{setubal97,
	added-at = {2011-04-12T00:00:00.000+0200},
	author = {Setubal, João Carlos and Meidanis, João},
	biburl = {http://www.bibsonomy.org/bibtex/288f7d04cdd51b84c73c5c1fb1a74f4af/dblp},
	interhash = {adeb59ad8210f8b038b32f620ed9c3cc},
	intrahash = {88f7d04cdd51b84c73c5c1fb1a74f4af},
	isbn = {978-0-534-95262-4},
	keywords = {dblp},
	pages = {I-XIII, 1-296},
	publisher = {PWS Publishing Company},
	timestamp = {2011-04-29T15:26:43.000+0200},
	title = {Introduction to computational molecular biology.},
	year = 1997
}


% ::::::::::::::::::::::::::::::::::::::::::::::::::::::::::::::::::::::::::::::::::::::::::::::::::::::::
% ANTIGOS ::::::::::::::::::::::::::::::::::::::::::::::::::::::::::::::::::::::::::::::::::::::::::::::::
% ::::::::::::::::::::::::::::::::::::::::::::::::::::::::::::::::::::::::::::::::::::::::::::::::::::::::


% ARTICLES

@article{csmaca02,
	author = {Ziouva, Eustathia and Antonakopoulos, Theodore},
	title = {CSMA/CA Performance Under High Traffic Conditions: Throughput and Delay Analysis},
	journal = {Comput. Commun.},
	issue_date = {February, 2002},
	volume = {25},
	number = {3},
	month = feb,
	year = {2002},
	issn = {0140-3664},
	pages = {313--321},
	numpages = {9},
	url = {http://dx.doi.org/10.1016/S0140-3664(01)00369-3},
	doi = {10.1016/S0140-3664(01)00369-3},
	acmid = {2295059},
	publisher = {Elsevier Science Publishers B. V.},
	address = {Amsterdam, The Netherlands},
	keywords = {Carrier sense multiple access with collision avoidance, Distributed coordination function, Wireless LANs},
} 


@article{nitin13,
	author    = {Nitin Kumar and Kunj Vashishtha and Kishore Babu},
	title     = {{A Comparative Study of AODV, DSR, and DYMO routing protocols using OMNeT++}},
	year      = {2013},
	journal	  = {International Journal on Recent and Innovation Trends in Computing and Communication},
	month     = {Setembro},
	volume	  = {1},
	pages	  = {735-739},
	address   = {Ghaziabad, India}
}

@article{vivek14,
	author    = {Vivek R. Chamorshikar},
	title     = {{Performance of Destination Sequenced Distance Vector (DSDV) Routing Protocol in MANET}},
	year      = {2014},
	journal	  = {Discovery},
	month	  = {May},
	pages     = {73-76},
	volume	  = {18},
	number	  = {52},
	address	  = {Nagpur, India}
}

@article{jeonghoon08,
	author    = {Jeonghoon Mo and Hoi-Sheung So and Jean Walrand},
	title     = {Comparison of Multichannel MAC Protocols},
	year      = {2008},
	journal	  = {IEEE Transactions on Mobile Computing},
	month     = {Janeiro}
}


@article{shihlin02,
	author    = {Shih-Lin Wu and Yu-chee Tseng and Chih-Yu Lin and Jang-Ping Sheu},
	title     = {A Multi-channel MAC Protocol with Power Control for Multi-hop Mobile Ad Hoc Networks},
	year      = {2002},
	journal	  = {The Computer Journal},
	pages     = {101-110},
	volume	  = {45}
}

@article{kumar06,
	author 	   = {Kumar, Sunil and Raghavan, Vineet S. and Deng, Jing},
	title      = {Medium Access Control Protocols for Ad Hoc Wireless Networks: A Survey},
	journal    = {Ad Hoc Netw.},
	month	   = {Maio},
	volume     = {4},
	number     = {3},
	year 	   = {2006},
	issn 	   = {1570-8705},
	pages 	   = {326--358},
	numpages   = {33},
	url 	   = {http://dx.doi.org/10.1016/j.adhoc.2004.10.001},
	publisher  = {Elsevier Science Publishers B. V.},
	address    = {Amsterdam, The Netherlands, The Netherlands},
	keywords   = {Ad hoc networks, MAC, MANET, Medium Access Control, Quality of Service (QoS), Wireless networks}
} 

@article{tehuang08,
	author    = {Tehuang Liu and Wanjiun Liao},
	title     = {On Routing in Multichannel Wireless Mesh Networks: Challenges and Solutions},
	journal   = {{IEEE} Network},
	volume    = {22},
	number    = {1},
	pages     = {13--18},
	year      = {2008},
	address	  = {Taipei, Taiwan},
	url       = {http://dx.doi.org/10.1109/MNET.2008.4435900}
}

@article{kyasanur06,
	author 	  = {Kyasanur, Pradeep and Vaidya, Nitin H.},
	title 	  = {Routing and Link-layer Protocols for Multi-channel Multi-interface Ad Hoc Wireless Networks},
	journal   = {SIGMOBILE Mob. Comput. Commun. Rev.},
	volume 	  = {10},
	number 	  = {1},
	month 	  = {Janeiro},
	year 	  = {2006},
	address   = {New York, USA},
	issn 	  = {1559-1662},
	pages 	  = {31-43},
	numpages  = {13},
	url 	  = {http://doi.acm.org/10.1145/1119759.1119762},
	publisher = {ACM}
} 

@article{akyildiz05,
	author 	   = {Akyildiz, Ian F. and Wang, Xudong and Wang, Weilin},
	title 	   = {Wireless Mesh Networks: A Survey},
	journal    = {Comput. Netw. ISDN Syst.},
	issue_date = {15 March 2005},
	volume 	   = {47},
	number     = {4},
	year 	   = {2005},
	pages 	   = {445--487},
	numpages   = {43},
	url 	   = {http://dx.doi.org/10.1016/j.comnet.2004.12.001},
	publisher  = {Elsevier Science Publishers B. V.},
	address    = {Amsterdam, The Netherlands, The Netherlands},
	keywords   = {ad hoc networks, medium access control, power management and control, routing protocol, scalability, security, timing synchronization, transport protocol, wireless mesh networks, wireless sensor networks},
} 

% FOUND ON INTERNET

@techreport{standard80211,
    author = {TESTE TESTE TESTE TEM VARIOS AUTORES},
    title = {{Wireless LAN Medium Access Control (MAC) and Physical Layer (PHY) Specifications}},
    year = {2012},
    month = {March},
    institution = {IEEE},
    number = {802.11-2012},
    type = {Std},
    address = {New York, NY, US}
}

@techreport{pradeep04,
	author 	    = {Pradeep Kyasanur},
	title 	    = {Routing in multi-channel multi-interface ad hoc wireless networks},
	institution = {University of Illinois},
	year 	    = {2004}
}

@techreport{liang04,
	author      = {Liang Qin and Thomas Kunz},
	title       = {Survey on Mobile Ad Hoc Network Routing Protocols and Cross-Layer Design},
	institution = {Carleton University},
	year        = {2004},
	month       = {August}
}

@inbook{debora08,
	author 	     = {SAADE, Débora and Arthur Gurrante and CARRANO, R. and Luiz Claudio Schara Magalhães 
			and ALBUQUERQUE, Célio Vinicius Neves de and Liane Tarouco},
	title 	     = {Multihop MAC: Desvendando o Padrão 802.11s},
	year  	     = {2008},
	chapter	     = {1},
	pages	     = {13-59},
	edition      = {26th},
	publisher    = {SBC},
	booktitle    = {Livro de Minicursos do SBRC}
}

@inproceedings{perkins99,
	author 	     = {Perkins, Charles and Royer, Elizabeth},
	title 	     = {Ad-hoc On-Demand Distance Vector Routing},
	booktitle    = {Proceedings of the Second IEEE Workshop on Mobile Computer Systems and Applications},
	series 	     = {WMCSA '99},
	year 	     = {1999},
	pages 	     = {90--},
	url 	     = {http://dl.acm.org/citation.cfm?id=520551.837511},
	publisher    = {IEEE Computer Society},
	address      = {Washington, DC, USA},
	keywords     = {Ad-hoc Networking, Distance Vector Routing, Dynamic Routing, Mobile Networking, Wireless Networks}
} 

@inproceedings{mbaru07,
	author		= {Mbarushimana, Consolee and Shahrabi, Alireza},
	title		= {Comparative Study of Reactive and Proactive Routing Protocols Performance in Mobile Ad Hoc Networks},
	booktitle	= {Proceedings of the 21st International Conference on Advanced Information Networking and Applications Workshop - Volume 02},
	series		= {AINAW '07},
	year		= {2007},
	pages		= {679--684},
	publisher	= {IEEE Computer Society},
	address		= {Washington, DC, USA}
}
	

@inproceedings{hoisheung07,
	added-at 	= {2014-08-11T00:00:00.000+0200},
	author 		= {So, Hoi-Sheung Wilson and Walrand, Jean C. and Mo, Jeonghoon},
	biburl 		= {http://www.bibsonomy.org/bibtex/271006100e730225024a502c7ba1d7610/dblp},
	booktitle 	= {WCNC},
	ee 		= {http://dx.doi.org/10.1109/WCNC.2007.67},
	interhash 	= {2be0bb411d58d0123fa1a937fa8e3945},
	intrahash 	= {71006100e730225024a502c7ba1d7610},
	isbn		= {1-4244-0658-7},
	keywords	= {dblp},
	pages 		= {334-339},
	publisher 	= {IEEE},
	timestamp 	= {2015-04-28T20:12:40.000+0200},
	title		= {McMAC: A Parallel Rendezvous Multi-Channel MAC Protocol.},
	url 		= {http://dblp.uni-trier.de/db/conf/wcnc/wcnc2007.html#SoWM07},
	year 		= {2007}
}

@misc{guoyouheXX,
    author = {Guoyou He},
    title = {Destination-Sequenced Distance Vector (DSDV) Protocol},
    institution = {Helsinki University of Technology},
    note = {\url{http://citeseerx.ist.psu.edu/viewdoc/download?doi=10.1.1.442.9248&rep=rep1&type=pdf}, visitado em 2015-05-01}
}

@misc{omnetUserGuide,
	author    = {András Varga},
	title     = {OMNeT++ User Manual},
	publisher = {OpenSim Ltd.},
	note	  = {\url{https://omnetpp.org/doc/omnetpp/Manual.pdf}, visitado em 2015-06-05},
	year      = {2014},
	version	  = {4.6}
}

@misc{anatelEspectro,
	author    = {Francisco Giacomini Soares and Carlos Vinicio Rodríguez Ron},
	title     = {Seminário de Gestão de Espectro - Acesso ao espectro radioelétrico por meio de compartilhamento},
	publisher = {Qualcomm},
	note	  = {\url{http://www.anatel.gov.br/Portal/documentos/sala_imprensa/30-4-2015--16h55min26s-Apres_1_3_Sem_Gest_EspcT.pdf}, visitado em 2015-07-01},
	year      = {2015},
	month	  = {May}
}

% BOOKS

@book{stallings07,
	author    = {William Stallings},
	title     = {{Data and Computer Communications}},
	publisher = {Pearson Pretice Hall},
	address   = {Upper Saddle River, New Jersey},
	year      = {2007},
	edition	  = {8th},
	isbn	  = {0-13-243310-9}
}

@book{tanenbaum11,
    author 	= {Tanenbaum, Andrew and Wetherall, David},
    title 	= {{Computer Networks}},
    edition 	= {5th},
    address 	= {Amsterdam, The Netherlands},
    year 	= {2011},
    publisher 	= {Prentice Hall},
    isbn	 = {978-0-13-212695-3},
}

@book {anastasi04,
	author    = {Anastasi, Giuseppe and Conti, Marco and Gregori, Enrico},
	title     = {IEEE 802.11 AD HOC Networks: Protocols, Performance, and Open Issues},
	booktitle = {Mobile Ah Hoc Networking},
	address   = {Pisa, Itália},
	year      = {2004},
	month	  = {Outubro},
	journal	  = {IEEE Press},
	publisher = {Wiley-IEEE Press},
	pages	  = {69 - 116}
}
