
% Article

@article{pertea2010,
	author="Pertea, Mihaela
	and Salzberg, Steven L.",
	title="Between a chicken and a grape: estimating the number of human genes",
	journal="Genome Biology",
	year="2010",
	volume="11",
	number="5",
	pages="1--7",
	issn="1474-760X",
	doi="10.1186/gb-2010-11-5-206",
	note = {\url{http://dx.doi.org/10.1186/gb-2010-11-5-206}, visitado em 2016-04-04}
}

@article{lacroixCTS08,
	added-at = {2009-01-14T00:00:00.000+0100},
	author = {Lacroix, Vincent and Cottret, Ludovic and Thébault, Patricia and Sagot, Marie-France},
	biburl = {http://www.bibsonomy.org/bibtex/24f2395069560e3784244fcf6da97b782/dblp},
	date = {2009-01-14},
	description = {dblp},
	ee = {http://doi.acm.org/10.1145/1486911.1486918},
	interhash = {282f9cb0f6c2bcc6d7c103a57c23c2a6},
	intrahash = {4f2395069560e3784244fcf6da97b782},
	journal = {IEEE/ACM Trans. Comput. Biology Bioinform.},
	keywords = {dblp},
	number = 4,
	pages = {594-617},
	timestamp = {2009-01-15T11:33:59.000+0100},
	title = {An Introduction to Metabolic Networks and Their Structural Analysis.},
	url = {http://dblp.uni-trier.de/db/journals/tcbb/tcbb5.html#LacroixCTS08},
	url="http://pbil.univ-lyon1.fr/members/sagot/htdocs/publications/lacroix_tcbb2008.pdf",
	volume = 5,
	year = 2008
}

% FOUND ON INTERNET

@misc{drug09,
	title = {Protein Structure},
	institution = {Particle Sciences, Drug Development Services},
	note = {\url{http://www.particlesciences.com/news/technical-briefs/2009/protein-structure.html}, visitado em 2016-01-02},
	year = {2009},
	volume = {8}
}

@misc{profangela11,
	title = {Proteínas},
	institution = {Portal de Patologia Clínica},
	note = {\url{http://www.professoraangela.net/documents/proteinas.html}, visitado em 2016-01-02}
}

@misc{dnadiscovery08,
	title = {Discovery of DNA Structure and Function: Watson and Crick},
	institution = {Nature Education},
	year = {2008},
	author = {Leslie A. Pray},
	note = {\url{http://www.nature.com/scitable/topicpage/discovery-of-dna-structure-and-function-watson-397}, visitado em 2016-01-15}
}

@misc{proteinSyntesis,
	title = {Protein Syntesis steps},
	institution = {Protein Syntesis},
	%year = {},
	%author = {},
	note={\url{http://www.proteinsynthesis.org/protein-synthesis-steps/}, visitado em 2016-08-19}
}

@misc{chuan11,
	title={Java Web Database Applications},
	institution = {Nanyang Technological University},
	year = {2011},
	author = {Chua Hock-Chuan},
	note = {\url{https://www.ntu.edu.sg/home/ehchua/programming/java/JavaWebDBApp.html}, visitado em 2016-08-19}
}

% DOCUMENTATION

@manual{oracle14,
	title = {Java Platform, Enterprise Edition The Java EE Tutorial, Release 7},
	organization = {Oracle},
	year = {2014},
	author = {Eric Jendrock, Ricardo Cervera-Navarro, Ian Evans, Kim Haase, William Markito},
	note={\url{https://docs.oracle.com/javaee/7/tutorial}, visitado em 2016-08-19}}
}

@manual{eclipseDoc,
	title = {Eclipse documentation - Current Release},
	organization = {Eclipse Foundation, Inc.},
	address = {102 Centrepointe Drive, Ottawa, Ontario,},
	edition = {4.6},
	year = {2016},
	note={\url{http://help.eclipse.org/neon/index.jsp?topic=\%2Forg.eclipse.platform.doc.isv\%2Fguide\%2Fint_eclipse.htm}, visitado em 2016-07-01}
}

% BOOKS

@book{setubal97,
	added-at = {2011-04-12T00:00:00.000+0200},
	author = {Setubal, João Carlos and Meidanis, João},
	biburl = {http://www.bibsonomy.org/bibtex/288f7d04cdd51b84c73c5c1fb1a74f4af/dblp},
	interhash = {adeb59ad8210f8b038b32f620ed9c3cc},
	intrahash = {88f7d04cdd51b84c73c5c1fb1a74f4af},
	isbn = {978-0-534-95262-4},
	keywords = {dblp},
	pages = {I-XIII, 1-296},
	publisher = {PWS Publishing Company},
	timestamp = {2011-04-29T15:26:43.000+0200},
	title = {Introduction to computational molecular biology.},
	year = 1997
}

@book{mount01,
   title = "Bioinformatics : sequence and genome analysis",
   author = "Mount, David W.",
   publisher = "Cold Spring Harbor, N.Y. Cold Spring Harbor Laboratory Press",
   url = "http://opac.inria.fr/record=b1097131",
   isbn = "0-87969-597-8",
   year = 2001,
   pages = {1-18}
	
}

@book{rastogi06,
  title={Bioinformatics Methods and Applications: Genomics, Proteomics and Drug Discovery},
  author={Rastogi, S.C. and Mendiratta, N. and Rastogi, P.},
  isbn={9788120330627},
  url= "https://books.google.com.br/books?id=046ifqoBW8kC",
  year={2006},
  publisher={Prentice-Hall of India (Private), Limited}
}

@book{nussbaum08,
   title = "Genética Médica",
   author = "R. Nussbaum",
   publisher = "Elsevier Editora Ltda.",
   isbn = "9788535245752",
   year = 2008
	
}


